<?xml version="1.0" encoding="UTF-8"?><collection xmlns="http://www.loc.gov/MARC21/slim"><record><leader>00516nam--2200181-i-4500</leader><controlfield tag="001">000004316</controlfield><controlfield tag="002">20161230</controlfield><controlfield tag="005">20161230201025</controlfield><controlfield tag="008">060222s1000------------r-----000-0-ger-d</controlfield><datafield ind1=" " ind2=" " tag="040"><subfield code="a">IFIN-HH</subfield></datafield><datafield ind1=" " ind2=" " tag="041"><subfield code="a">ger</subfield></datafield><datafield ind1=" " ind2=" " tag="080"><subfield code="a">533.5:538.975</subfield></datafield><datafield ind1="1" ind2=" " tag="100"><subfield code="a">Auwarter, M</subfield></datafield><datafield ind1="1" ind2="0" tag="245"><subfield code="a">Ergebnisse der hochvakuumtechnik und der physik dunner schichten</subfield><subfield code="c">M. auwarter</subfield></datafield><datafield ind1=" " ind2=" " tag="260"><subfield code="a">Stuttgart</subfield><subfield code="b">Wissenschaftliche Verlagsgesellschaft Mbh</subfield><subfield code="c">1957</subfield></datafield><datafield ind1=" " ind2=" " tag="300"><subfield code="a">VII + 282 P</subfield></datafield><datafield ind1=" " ind2=" " tag="852"><subfield code="a">13621</subfield><subfield code="c">539.23</subfield></datafield><datafield ind1=" " ind2=" " tag="CAT"><subfield code="a">Sys</subfield><subfield code="c">20121212</subfield><subfield code="h">162435</subfield></datafield></record></collection>